VOL10000F1                     HSBC                                            1
HDR1A      S  1      0000F100010001       18101 18101 000000                    
HDR2F0200000100                                   00                            
UHL1 18101999999    000000002 FPS    001                                        
1234561234567809912345612345678    00000000001DEBIT COMPANY     REF FOR BENE      BENE NAME         
1234561234567809912345612345678    00000000001DEBIT COMPANY     REF FOR BENE      BENE NAME         
1234561234567809912345612345678    00000000001DEBIT COMPANY     REF FOR BENE      BENE NAME         
1234561234567809912345612345678    00000000001DEBIT COMPANY     REF FOR BENE      BENE NAME         
1234561234567801712345612345678    00000000004REF FOR DEBIT ACC CONTRA            DEBIT COMPANY     
EOF1A      S  1      0000F100010001       18101 18101 000000                    
EOF2F0200000100                                   00                            
UTL10000000000004000000000000400000010000004                                    
