<?xml version="1.0" encoding="utf-8"?>
<Document xmlns="urn:iso:std:iso:20022:tech:xsd:pain.001.001.03" xmlns:xsi="http://www.w3.org/2001/XMLSchema-instance">
  <CstmrCdtTrfInitn>
    <GrpHdr>
      <MsgId>UNIQUE MESSAGE ID 35AN</MsgId>
      <CreDtTm>2019-01-15T10:07:00</CreDtTm>
      <NbOfTxs>2</NbOfTxs>
      <CtrlSum>0.02</CtrlSum>
      <InitgPty>
        <Id>
          <OrgId>
            <Othr>
              <Id>ABC12345001</Id>
            </Othr>
          </OrgId>
        </Id>
      </InitgPty>
    </GrpHdr>
    <PmtInf>
      <PmtInfId>ORIGINATOR REF 18AN</PmtInfId>
      <PmtMtd>TRF</PmtMtd>
      <PmtTpInf>
        <SvcLvl>
          <Cd>NURG</Cd>
        </SvcLvl>
      </PmtTpInf>
      <ReqdExctnDt>2019-01-17</ReqdExctnDt>
      <Dbtr>
        <Nm>DEBTOR NAME 18AN</Nm>
        <Id>
          <OrgId>
            <Othr>
              <Id>123456    BACs SUN QUOTED HERE</Id>
            </Othr>
          </OrgId>
        </Id>
      </Dbtr>
      <DbtrAcct>
        <Id>
          <IBAN>GB79HBUK49999912345678</IBAN>
        </Id>
      </DbtrAcct>
      <DbtrAgt>
        <FinInstnId>
          <BIC>HBUKGB4B</BIC>
          <PstlAdr>
            <Ctry>GB</Ctry>
          </PstlAdr>
        </FinInstnId>
      </DbtrAgt>
      <ChrgBr>SHAR</ChrgBr>
      <CdtTrfTxInf>
        <PmtId>
          <InstrId>UNIQUE PAYMENT ID</InstrId>
          <EndToEndId>BENEFICIARY REF 18AN</EndToEndId>
        </PmtId>
        <Amt>
          <InstdAmt Ccy="GBP">0.01</InstdAmt>
        </Amt>
        <CdtrAgt>
          <FinInstnId>
            <ClrSysMmbId>
              <MmbId>123456</MmbId>
            </ClrSysMmbId>
            <PstlAdr>
              <Ctry>GB</Ctry>
            </PstlAdr>
          </FinInstnId>
        </CdtrAgt>
        <Cdtr>
          <Nm>BENEFICIARY NAME 18AN</Nm>
        </Cdtr>
        <CdtrAcct>
          <Id>
            <Othr>
              <Id>12345678</Id>
            </Othr>
          </Id>
        </CdtrAcct>
      </CdtTrfTxInf>
      <CdtTrfTxInf>
        <PmtId>
          <InstrId>UNIQUE PAYMENT ID</InstrId>
          <EndToEndId>BENEFICIARY REF 18AN</EndToEndId>
        </PmtId>
        <Amt>
          <InstdAmt Ccy="GBP">0.01</InstdAmt>
        </Amt>
        <CdtrAgt>
          <FinInstnId>
            <ClrSysMmbId>
              <MmbId>123456</MmbId>
            </ClrSysMmbId>
            <PstlAdr>
              <Ctry>GB</Ctry>
            </PstlAdr>
          </FinInstnId>
        </CdtrAgt>
        <Cdtr>
          <Nm>BENEFICIARY NAME 18AN</Nm>
        </Cdtr>
        <CdtrAcct>
          <Id>
            <Othr>
              <Id>12345678</Id>
            </Othr>
          </Id>
        </CdtrAcct>
      </CdtTrfTxInf>
    </PmtInf>
  </CstmrCdtTrfInitn>
</Document>